@online{spectrogram_def,
  title = {So what is a spectrogram anyway?},
  year = 2015,
  urldate = {2015-11-08},
  note="accessed 2015-11-08. Available: \url{https://home.cc.umanitoba.ca/~robh/howto.html}"
}

@online{sampling_wiki,
	title = {File:Signal Sampling.png},
	year = 2015,
	urldate = {2015-11-08},
	note="accessed 2015-11-08. Available: \url{https://en.wikipedia.org/wiki/File:Signal_Sampling.png}"
}

@online{quantization_math,
	title = {Digital Signals - Sampling and Quantization},
	year = 2015,
	urldate = {2015-11-08},
	note="accessed 2015-11-08. Available: \url{http://rs-met.com/documents/tutorials/DigitalSignals.pdf}"
}

@online{laterals_wiki,
	title = {Maxillary lateral incisor},
	year = 2015,
	urldate = {2015-10-28},
	note="accessed 2015-10-28. Available: \url{https://en.wikipedia.org/wiki/Maxillary_lateral_incisor}"
}

@article{evans1997partial,
	title={Partial differential equations and Monge-Kantorovich mass transfer},
	author={Evans, Lawrence C},
	journal={Current developments in mathematics},
	pages={65--126},
	year={1997},
	publisher={International Press, Cambridge}
}

@online{WER,
	title = {Word Error Rate (WER) and Word Recognition Rate (WRR) with Python},
	year = 2016,
	urldate = {2016-01-08},
	note="accessed 2016-01-08. Available: \url{http://progfruits.blogspot.com/2014/02/word-error-rate-wer-and-word.html}"
}

@article{prica2010recognition,
	title={Recognition of vowels in continuous speech by using formants},
	author={Prica, Biljana and Ili{\'c}, Sini{\v{s}}a},
	journal={Facta universitatis-series: Electronics and Energetics},
	volume={23},
	number={3},
	pages={379--393},
	year={2010}
}

@online{sampling_illinois,
	title = {Sampling and Quantization},
	year = 2015,
	urldate = {2015-11-08},
	note="accessed 2015-11-08. Available: \url{https://courses.engr.illinois.edu/ece110/content/courseNotes/files/?samplingAndQuantization}"
}

@online{hmm_tutorial,
	title = {Hidden Markov Model tutorial},
	year = 2015,
	urldate = {2015-11-08},
	note="accessed 2015-11-08. Available: \url{http://digital.cs.usu.edu/~cyan/CS7960/hmm-tutorial.pdf}"
}

@online{bic_info,
	title = {BAYESIAN INFORMATION CRITERION},
	year = 2016,
	urldate = {2016-01-08},
	note="accessed 2016-01-08. Available: \url{http://stanfordphd.com/BIC.html}"
}

@article{yuan2008speaker,
	title={Speaker identification on the SCOTUS corpus},
	author={Yuan, Jiahong and Liberman, Mark},
	journal={Journal of the Acoustical Society of America},
	volume={123},
	number={5},
	pages={3878},
	year={2008},
	publisher={[New York: Acoustical Society of America]}
}

@inproceedings{chen1998speaker,
	title={Speaker, environment and channel change detection and clustering via the bayesian information criterion},
	author={Chen, Scott and Gopalakrishnan, Ponani},
	booktitle={Proc. DARPA Broadcast News Transcription and Understanding Workshop},
	volume={8},
	pages={127--132},
	year={1998},
	organization={Virginia, USA}
}

@article{hermansky1990perceptual,
	title={Perceptual linear predictive (PLP) analysis of speech},
	author={Hermansky, Hynek},
	journal={the Journal of the Acoustical Society of America},
	volume={87},
	number={4},
	pages={1738--1752},
	year={1990},
	publisher={Acoustical Society of America}
}

@book{harrison2004variability,
	title={Variability of formant measurements},
	author={Harrison, Philip},
	year={2004},
	publisher={Department of language and linguistic science}
}

@article{rosenfelder2011fave,
	title={FAVE (forced alignment and vowel extraction) program suite},
	author={Rosenfelder, Ingrid and Fruehwald, Josef and Evanini, Keelan and Yuan, Jiahong},
	journal={U RL http://fave. ling. upenn. edu},
	year={2011}
}

@article{reynolds1992gaussian,
	title={A Gaussian mixture modeling approach to text-independent speaker identification},
	author={Reynolds, Douglas A},
	year={1992},
	publisher={Georgia Institute of Technology}
}

@article{reynolds1995robust,
	title={Robust text-independent speaker identification using Gaussian mixture speaker models},
	author={Reynolds, Douglas and Rose, Richard C and others},
	journal={Speech and Audio Processing, IEEE Transactions on},
	volume={3},
	number={1},
	pages={72--83},
	year={1995},
	publisher={IEEE}
}

@article{boersma2001praat,
	title={Praat, a system for doing phonetics by computer},
	author={Boersma, Paul and others},
	journal={Glot international},
	volume={5},
	number={9/10},
	pages={341--345},
	year={2002}
}

@article{das2010forced,
	title={Forced alignment under adverse conditions},
	author={Das, Rajarshi and Izak, Jonathan and Yuan, Jiahong and Liberman, Mark},
	journal={Unpublished manuscript},
	year={2010}
}

@article{rabiner1986introduction,
	title={An introduction to hidden Markov models},
	author={Rabiner, Lawrence and Juang, B},
	journal={ieee assp magazine},
	volume={3},
	number={1},
	pages={4--16},
	year={1986},
	publisher={IEEE}
}

@book{weik2012communications,
	title={Communications standard dictionary},
	author={Weik, Martin},
	year={2012},
	publisher={Springer Science \& Business Media}
}

@article{reynolds2000speaker,
	title={Speaker verification using adapted Gaussian mixture models},
	author={Reynolds, Douglas A and Quatieri, Thomas F and Dunn, Robert B},
	journal={Digital signal processing},
	volume={10},
	number={1},
	pages={19--41},
	year={2000},
	publisher={Elsevier}
}

@online{def_hmm,
	title = {Definition of Hidden Markov Model},
	year = 2015,
	urldate = {2015-09-08},
	note="accessed 2015-09-08. Available: \url{http://jedlik.phy.bme.hu/~gerjanos/HMM/node4.html}"
}

@inproceedings{gales2007discriminative,
	title={Discriminative models for speech recognition},
	author={Gales, MJF},
	booktitle={Information Theory and Applications Workshop, 2007},
	pages={170--176},
	year={2007},
	organization={IEEE}
}

@article{eddy1996hidden,
	title={Hidden markov models},
	author={Eddy, Sean R},
	journal={Current opinion in structural biology},
	volume={6},
	number={3},
	pages={361--365},
	year={1996},
	publisher={Elsevier}
}

@article{gales2008application,
	title={The application of hidden Markov models in speech recognition},
	author={Gales, Mark and Young, Steve},
	journal={Foundations and trends in signal processing},
	volume={1},
	number={3},
	pages={195--304},
	year={2008},
	publisher={Now Publishers Inc.}
}

@online{vowel_length,
  title = {RP Vowel length: some details},
  year = 2015,
  urldate = {2015-10-08},
  note="accessed 2015-10-08. Available: \url{https://notendur.hi.is/peturk/KENNSLA/02/TOP/VowelLength0.html#lengths}"
}

@online{formants_peaks,
  title = {The Spectrum of Acousting},
  year = 2015,
  urldate = {2015-09-28},
  note="accessed 2015-09-28. Available: \url{http://www.hum.uu.nl/uilots/lab/courseware/phonetics/basics_of_acoustics_2/formants.html}"
}

@online{windowing_fi,
	title = {Windowing signal processing},
	year = 2015,
	urldate = {2015-11-08},
	note="accessed 2015-11-08. Available: \url{http://www.cs.tut.fi/kurssit/SGN-4010/ikkunointi_en.pdf}"
}

@online{dft_matlab,
	title = {Discrete Fourier Transform (DFT)},
	year = 2015,
	urldate = {2015-11-08},
	note="accessed 2015-11-08. Available: \url{http://www.mathworks.com/help/matlab/math/discrete-fourier-transform-dft.html}"
}

@online{bbc_stress,
  title = {Word Stress - British Council},
  year = 2015,
  urldate = {2015-09-28},
  note="accessed 2015-09-28. Available: \url{https://www.teachingenglish.org.uk/article/word-stress}"
}

@online{fricatives,
  title = {What are fricatives ?},
  year = 2015,
  urldate = {2015-10-28},
  note="accessed 2015-10-28. Available: \url{http://www.pronuncian.com/Lessons/default.aspx?Lesson=9}"
}

@online{stop_consonants,
  title = {CONSONANTS: STOPS},
  year = 2015,
  urldate = {2015-10-28},
  note="accessed 2015-10-28. Available: \url{http://facweb.furman.edu/~wrogers/phonemes/phono/stop.htm}"
}

@online{nasal_speech_sound,
  title = {Nasal speech sound},
  year = 2015,
  urldate = {2015-10-28},
  note="accessed 2015-10-28. Available: \url{http://www.britannica.com/topic/nasal-speech-sound}"
}

@online{nasal_spectrogram,
  title = {How do I read a spectrogram ?},
  year = 2015,
  urldate = {2015-10-28},
  note="accessed 2015-10-28. Available: \url{https://home.cc.umanitoba.ca/~robh/howto.html}"
}

@online{energy_relationship,
  title = {Syllable, Stress \& Accent},
  year = 2015,
  urldate = {2015-10-28},
  note="accessed 2015-10-28. Available: \url{http://hubblesite.org/reference_desk/faq/answer.php.id=73&cat=light}"
}

@online{ex_speech_image,
	title = {Example of Autocorrelation},
	year = 2015,
	urldate = {2015-10-28},
	note="accessed 2015-10-28. Available: \url{http://www.eng.usf.edu/~lazam2/Project/sht_time_timedom/xmp_acr.htm}"
}


@online{prop_of_sinusoids,
	title = {Properties of Sinusoids},
	year = 2015,
	urldate = {2015-10-28},
	note="accessed 2015-10-28. Available: \url{http://web.science.mq.edu.au/~cassidy/comp449/html/ch03s02.html}"
}

@book{orfanidis1995introduction,
	title={Introduction to signal processing},
	author={Orfanidis, Sophocles J},
	year={1995},
	publisher={Prentice-Hall, Inc.}
}

@article{walker2004sphinx,
	title={Sphinx-4: A flexible open source framework for speech recognition},
	author={Walker, Willie and Lamere, Paul and Kwok, Philip and Raj, Bhiksha and Singh, Rita and Gouvea, Evandro and Wolf, Peter and Woelfel, Joe},
	year={2004},
	publisher={Sun Microsystems, Inc.}
}

@online{syllable_site,
  title = {What is the relationship between wavelength, frequency and energy?},
  year = 2015,
  urldate = {2015-10-28},
  note="accessed 2015-10-28. Available: \url{http://www.personal.rdg.ac.uk/~llsroach/phon2/mitko/syllable.htm}"
}

@book{mohri2012foundations,
  title={Foundations of machine learning},
  author={Mohri, Mehryar and Rostamizadeh, Afshin and Talwalkar, Ameet},
  year={2012},
  publisher={MIT press}
}

@article{rabiner1975theory,
	title={Theory and application of digital signal processing},
	author={Rabiner, Lawrence R and Gold, Bernard},
	journal={Englewood Cliffs, NJ, Prentice-Hall, Inc., 1975. 777 p.},
	volume={1},
	year={1975}
}

@incollection{ghahramani2004unsupervised,
  title={Unsupervised learning},
  author={Ghahramani, Zoubin},
  booktitle={Advanced Lectures on Machine Learning},
  pages={72--112},
  year={2004},
  publisher={Springer}
}

@book{engelbrecht2007computational,
  title={Computational intelligence: an introduction},
  author={Engelbrecht, Andries P},
  year={2007},
  publisher={John Wiley \& Sons}
}

@online{mit_phonetics,
    author = {James Glass and Victor Zue},
    title = {6.345 Automatic Speech Recognition},
    year = "Spring 2003",
    note = "\url{http://ocw.mit.edu}, (Massachusetts Institute of Technology: MIT OpenCourseWare), (Accessed 23 Sep, 2015). License: Creative Commons BY-NC-SA",
}

@book{archibald2006review,
  title={A review of the literature on second language learning},
  author={Archibald, John and Roy, Sylvie and Harmel, Sandra and Jesney, Karen and Dewey, Emily and Moisik, Scott and Lessard, Pascale},
  year={2006},
  publisher={ERIC}
}

@article{derwing2005second,
  title={Second language accent and pronunciation teaching: A research-based approach},
  author={Derwing, Tracey M and Munro, Murray J},
  journal={Tesol Quarterly},
  pages={379--397},
  year={2005},
  publisher={JSTOR}
}

@book{rost2014listening,
  title={Listening in language learning},
  author={Rost, Michael and Candlin, CN},
  year={2014},
  publisher={Routledge}
}

@article{gilakjani2011pronunciation,
  title={Why is pronunciation so difficult to learn?},
  author={Gilakjani, Abbas and Ahmadi, Seyedeh and Ahmadi, Mohammad},
  journal={English Language Teaching},
  volume={4},
  number={3},
  pages={p74},
  year={2011}
}

@inproceedings{edge2012tip,
  title={Tip tap tones: mobile microtraining of mandarin sounds},
  author={Edge, Darren and Cheng, Kai-Yin and Whitney, Michael and Qian, Yao and Yan, Zhijie and Soong, Frank},
  booktitle={Proceedings of the 14th international conference on Human-computer interaction with mobile devices and services},
  pages={427--430},
  year={2012},
  organization={ACM}
}

@article{medgyes2001teacher,
  title={When the teacher is a non-native speaker},
  author={Medgyes, Peter},
  journal={Teaching English as a second or foreign language},
  volume={3},
  pages={429--442},
  year={2001}
}

@article{boersma2010p,
  title={Praat: doing phonetics by computer},
  author={Boersma, Paul and Weenink, David},
  year={2010}
}

@inproceedings{head2014tonewars,
  title={ToneWars: Connecting Language Learners and Native Speakers through Collaborative Mobile Games},
  author={Head, Andrew and Xu, Yi and Wang, Jingtao},
  booktitle={Intelligent Tutoring Systems},
  pages={368--377},
  year={2014},
  organization={Springer}
}

@article{ladefoged1998sounds,
  title={The sounds of the world's languages},
  author={Ladefoged, Peter and Maddieson, Ian},
  journal={Language},
  volume={74},
  number={2},
  pages={374--376},
  year={1998},
  publisher={Linguistic Society of America}
}

@article{roach2000phonology,
  title={Phonology: A Practical Course},
  author={Roach, Peter and Phonetics, English},
  journal={Cambridge UP Cambridge},
  year={2000}
}

@book{laver1994principles,
  title={Principles of phonetics},
  author={Laver, John},
  year={1994},
  publisher={Cambridge University Press}
}

@article{forsberg2003speech,
	title={Why is speech recognition difficult},
	author={Forsberg, Markus},
	journal={Chalmers University of Technology},
	year={2003}
}
